@inproceedings{rodes2016square,
  title={\href{http://ieeexplore.ieee.org/document/7881236/}{Square-Law Selector and Square-Law Combiner for Cognitive Radio Systems: An Experimental Study}},
  author={Rod\'es, L and Kaushik, A and Sharma, Shree Krishna and Chatzinotas, Symeon and Jondral, F},
  booktitle={IEEE 84th Vehicular Technology Conference: VTC2016-Fall},
  year=2016
}

@ARTICLE{2017arXiv171203400B,
   author = {{Baldassarre}, F. and {Gonz{\'a}lez Mor{\'{\i}}n}, D. and {Rod{\'e}s-Guirao}, L.
	},
    title = "{\href{https://arxiv.org/abs/1712.03400}{Deep Koalarization: Image Colorization using CNNs and Inception-ResNet-v2}}",
  journal = {ArXiv:1712.03400},
archivePrefix = "arXiv",
   eprint = {1712.03400},
 primaryClass = "cs.CV",
 keywords = {Computer Science - Computer Vision and Pattern Recognition},
     year = 2017,
    month = dec,
   adsurl = {http://adsabs.harvard.edu/abs/2017arXiv171203400B},
  adsnote = {Provided by the SAO/NASA Astrophysics Data System}
}